@article{mpc01,
author={Gregor Benz and Andreas Siggelkow},
title={Implementation of a GPS and GSM module into a Zynq Z7 SoC based emulator tracking system},
journaltitle={Workshop der Multiprojekt-Chip-Gruppe Baden-W\"{u}rttemberg},
year={2020},
month={02},
isbn={},
issn={1868-9221},
volume={63},
pages={1 - 4},
%doi={10.1017/s006824541400015x},
}

@book{vhdl01,
author={Gunther Lehmann and Bernhard Wunder and Manfred Selz}, 
title={Schaltungsdesign mit VHDL: Synthese, Simulation und Dokumentation digitaler Schaltungen}, 
date={1994}, 
%editor={Swarup Bhunia, Sandip Ray, Susmita Sur-Kolay}, %editora, editorb, editorc, translator, annotator, commentator, introduction, foreword, afterword, 
%subtitle={Design, Verification, and Debug}, %titleaddon, maintitle, mainsubtitle, maintitleaddon, language, origlanguage, volume, part, 
%edition={1}, %volumes, series, number, note, 
publisher={Francis},
%location={Cham}, 
isbn={978-0387402932}, %chapter, pages, pagetotal, addendum, pubstate,
%doi={10.1007/978-3-319-50057-7} %eprint, eprintclass, eprinttype, url, urldate
}

@book{giv01,
author={Steven Givant and Paul Halmos}, 
title={Introduction to Boolean Algebras (Undergraduate Texts in Mathematics)}, 
date={2008}, 
%editor={Swarup Bhunia, Sandip Ray, Susmita Sur-Kolay}, %editora, editorb, editorc, translator, annotator, commentator, introduction, foreword, afterword, 
%subtitle={Design, Verification, and Debug}, %titleaddon, maintitle, mainsubtitle, maintitleaddon, language, origlanguage, volume, part, 
%edition={1}, %volumes, series, number, note, 
publisher={Springer},
location={Cham}, 
isbn={9783772361630}, %chapter, pages, pagetotal, addendum, pubstate,
%doi={10.1007/978-3-319-50057-7} %eprint, eprintclass, eprinttype, url, urldate
}

@article{kao08,
author={Chung-Fu Kao and Hsin-Ming Chen and Ing-Jer Huang}, 
title={Hardware-Software Approaches to In-Circuit Emulation for Embedded Processors}, 
journaltitle={IEEE Design \& Test of Computers}, 
date={2008-10-10},
%Wahlfelder: translator, annotator, commentator, subtitle, titleaddon, editor, editora, editorb, editorc, journalsubtitle, issuetitle, issuesubtitle, language, origlanguage, series, 
volume={25}, %number, eid, 
issue={5}, %month, 
pages={462 - 477}, %version, note, 
issn={1558-1918}, %addendum, pubstate, 
doi={ 10.1109/MDT.2008.142}%, eprint, eprintclass, eprinttype, url, urldate
}

@report{as02,
  author={Andreas J. Siggelkow},
  title={Digital Electronics: Script}, 
  type={Script},
  institution={RWU, Electrical Engineering},
  year={2023},
  volume={SS},
  number={},
  pages={1-300},
 % doi={}
}

@report{as01,
  author={Andreas Siggelkow},
  title={Digital Electronics: Lab Notes}, 
  type={Script},
  institution={RWU, Electrical Engineering},
  year={2023},
  volume={SS},
  number={},
  pages={1-30},
  %doi={}
}

@misc{cpubenchmark2024,
  title = {PassMark Software - CPU Benchmarks},
  url = {https://www.cpubenchmark.net/share30.html},
  note = {Accessed: 2024-10-11}
}

@misc{arm2024,
  title = {Arm CPU Architecture},
  url = {https://www.arm.com/architecture/cpu},
  note = {Accessed: 2024-10-11}
}


@misc{comp_tech_script,
  title        = {Computer Technology Lab Script},
  author       = {Prof. Dr.-Ing. A. Siggelkow},
  year         = {2024},
  note         = {Accessed: 2024-10-16},
  url          = {https://elearning.rwu.de/pluginfile.php/250305/mod_resource/content/3/00_rechlab_top.pdf},
}


@misc{arm_load_store,
  title        = {Loads and Stores},
  author       = {ARM Developer},
  year         = {Accessed: 2024},
  url          = {https://developer.arm.com/documentation/102374/0102/Loads-and-stores},
  note         = {Accessed: 2024-10-16},
}


@book{patterson2016,
  author    = {David A. Patterson and John L. Hennessy},
  title     = {Computer Organization and Design: The Hardware Software Interface, ARM Edition},
  year      = {2016},
  publisher = {Morgan Kaufmann},
  series    = {The Morgan Kaufmann Series in Computer Architecture and Design},
}

